<collection>
<record>
<leader>05472cpcaa22007217a 4500</leader>
<controlfield tag="001">17244296</controlfield>
<controlfield tag="005">20230818070720.0</controlfield>
<controlfield tag="008">120405i19581995xx eng </controlfield>
<datafield ind1=" " ind2=" " tag="906">
<subfield code="a">7</subfield>
<subfield code="b">cbc</subfield>
<subfield code="c">orignew</subfield>
<subfield code="d">u</subfield>
<subfield code="e">ncip</subfield>
<subfield code="f">20</subfield>
<subfield code="g">y-folklife</subfield>
</datafield>
<datafield ind1=" " ind2=" " tag="955">
<subfield code="a">mkru 2012-04-05;</subfield>
<subfield code="a">mseg 2013-02-26;</subfield>
<subfield code="a">mseg 2013-03-12;</subfield>
<subfield code="a">mseg 2013-04-02;</subfield>
<subfield code="a">mseg 2013-04-09;</subfield>
<subfield code="a">mseg 2013-04-10;</subfield>
<subfield code="a">mseg 2013-04-15;</subfield>
<subfield code="a">mseg 2013-04-24;</subfield>
<subfield code="a">mseg 2013-04-26;</subfield>
<subfield code="a">mseg 2013-05-01</subfield>
<subfield code="a">mseg 2013-05-02</subfield>
<subfield code="a">mseg 2013-09-16</subfield>
<subfield code="a">mseg 2013-09-18</subfield>
<subfield code="a">mseg 2013-09-20</subfield>
<subfield code="a">mseg 2016-11-17</subfield>
<subfield code="a">mseg 2016-11-21</subfield>
<subfield code="a">ahoo 2019-07-26</subfield>
<subfield code="a">ahoo 2019-08-20</subfield>
<subfield code="a">masmit 2022-03-04</subfield>
<subfield code="a">masmit 2022-03-08</subfield>
<subfield code="a">masmit 2022-03-14</subfield>
<subfield code="a">masmit 2022-03-18</subfield>
<subfield code="a">fcundiff 2022-11-02</subfield>
<subfield code="a">masmit 2023-01-04</subfield>
<subfield code="a">mseg 2023-08-18</subfield>
</datafield>
<datafield ind1=" " ind2=" " tag="010">
<subfield code="a"> 2012655268</subfield>
</datafield>
<datafield ind1=" " ind2=" " tag="040">
<subfield code="a">DLC</subfield>
<subfield code="b">eng</subfield>
<subfield code="e">dacs</subfield>
<subfield code="c">DLC</subfield>
<subfield code="d">DLC</subfield>
</datafield>
<datafield ind1=" " ind2=" " tag="043">
<subfield code="a">n-us---</subfield>
<subfield code="a">a-ja---</subfield>
<subfield code="a">e-sz---</subfield>
</datafield>
<datafield ind1=" " ind2=" " tag="090">
<subfield code="a">RAA 58382-58384, RAA 59278-59367, RAA 67430</subfield>
</datafield>
<datafield ind1=" " ind2=" " tag="090">
<subfield code="a">
RXH 3140-3240; RXH 3651-3699; RXH 4034-RXH 4150; RXH 4155-4237; RXH 4596-4742; RXH 5365-5483; RXH 5501-5616; RXI 5103
</subfield>
</datafield>
<datafield ind1=" " ind2=" " tag="090">
<subfield code="a">AFC 2011/053</subfield>
</datafield>
<datafield ind1="0" ind2="0" tag="245">
<subfield code="a">Pete Welding collection,</subfield>
<subfield code="f">1958-1995,</subfield>
<subfield code="g">bulk 1961-1980.</subfield>
</datafield>
<datafield ind1=" " ind2=" " tag="300">
<subfield code="3">whole collection</subfield>
<subfield code="a">approximately 7873</subfield>
<subfield code="f">items</subfield>
</datafield>
<datafield ind1=" " ind2=" " tag="300">
<subfield code="3">manuscripts</subfield>
<subfield code="a">5091</subfield>
<subfield code="f">sheets</subfield>
<subfield code="a">(16.25</subfield>
<subfield code="f">linear feet)</subfield>
</datafield>
<datafield ind1=" " ind2=" " tag="300">
<subfield code="3">sound recordings</subfield>
<subfield code="a">832 sound tape reels ;</subfield>
<subfield code="c">various sizes</subfield>
</datafield>
<datafield ind1=" " ind2=" " tag="300">
<subfield code="3">graphic materials</subfield>
<subfield code="a">760 photographic prints and contact sheets :</subfield>
<subfield code="b">black and white ;</subfield>
<subfield code="c">various sizes</subfield>
</datafield>
<datafield ind1=" " ind2=" " tag="300">
<subfield code="3">graphic materials</subfield>
<subfield code="a">1066 negatives :</subfield>
<subfield code="b">
black-and-white original negatives and copy negatives
</subfield>
</datafield>
<datafield ind1=" " ind2=" " tag="300">
<subfield code="3">graphic materials</subfield>
<subfield code="a">111 photographs :</subfield>
<subfield code="b">color transparencies ;</subfield>
<subfield code="c">120 mm (slide format)</subfield>
</datafield>
<datafield ind1=" " ind2=" " tag="300">
<subfield code="3">graphic materials</subfield>
<subfield code="a">2 photographs :</subfield>
<subfield code="b">color transparencies ;</subfield>
<subfield code="c">120 mm (slide format, unmounted)</subfield>
</datafield>
<datafield ind1=" " ind2=" " tag="300">
<subfield code="3">graphic materials</subfield>
<subfield code="a">6 photographs :</subfield>
<subfield code="b">color film negatives ;</subfield>
<subfield code="c">35 mm (roll format)</subfield>
</datafield>
<datafield ind1=" " ind2=" " tag="300">
<subfield code="3">graphic materials</subfield>
<subfield code="a">2 photographs :</subfield>
<subfield code="b">color transparencies ;</subfield>
<subfield code="c">35 mm (slide format)</subfield>
</datafield>
<datafield ind1=" " ind2=" " tag="300">
<subfield code="3">graphic materials</subfield>
<subfield code="a">3 drawings</subfield>
</datafield>
<datafield ind1=" " ind2=" " tag="520">
<subfield code="a">
Collection of over eight hundred sound tape reels, including blues and jazz music and interviews with musicians; several hundred photographs of prominent blues and jazz musicians, primarily from the 1960s and 1970s; manuscript materials about blues and jazz musicians, arranged by the name of performer; and articles, drafts, and notes written by Pete Welding, journalist, record producer, and historian of blues music.
</subfield>
</datafield>
<datafield ind1="8" ind2=" " tag="524">
<subfield code="a">
Pete Welding collection (AFC 2011/053), Archive of Folk Culture, American Folklife Center, Library of Congress, Washington, D.C.
</subfield>
</datafield>
<datafield ind1="0" ind2=" " tag="506">
<subfield code="a">
Collection is open for research. To request materials, please contact the Folklife Reading Room at
</subfield>
<subfield code="u">https://hdl.loc.gov/loc.afc/folklife.contact</subfield>
</datafield>
<datafield ind1=" " ind2=" " tag="540">
<subfield code="a">
Duplication of the collection materials may be governed by copyright and other restrictions.
</subfield>
</datafield>
<datafield ind1=" " ind2=" " tag="541">
<subfield code="a">Darlene Welding</subfield>
<subfield code="c">Purchase;</subfield>
<subfield code="d">2011.</subfield>
</datafield>
<datafield ind1=" " ind2=" " tag="545">
<subfield code="a">
Pete Welding (1935-1995), an authority on blues and jazz music, worked as a writer and music producer, and was a life-long advocate for traditional blues and avant-garde jazz performers. He wrote regularly for Down Beat magazine, wrote liner notes for albums (including releases by Frank Sinatra, Memphis Slim, Nat King Cole, Ian & Sylvia, and the Paul Butterfield Blues Band), and edited books on jazz and blues music. His research for his writings involved interviews of notable figures across music genres, including Signifyin' Mary Johnson, John Lee Hooker, Pete Robinson, Howlin' Wolf, Judy Collins, Thomas A. Dorsey, and others. He founded Testament Records in 1963 as a platform for African American folk, blues, and gospel performers, and produced records by Quicksilver Messeger Service, Big Joe Williams, and Jean-Luc Ponty, to name a few. Twice nominated for a Grammy Award (1973 and 1993), he was posthumously inducted into the Blues Hall of Fame (1996) in the category known (at that time) as Business-Production: Media or Academic. His works continue to be widely-cited resources for music researchers.
</subfield>
</datafield>
<datafield ind1=" " ind2=" " tag="546">
<subfield code="a">In English.</subfield>
</datafield>
<datafield ind1="0" ind2=" " tag="555">
<subfield code="a">Finding aid is available online</subfield>
<subfield code="u">https://hdl.loc.gov/loc.afc/eadafc.af021010</subfield>
</datafield>
<datafield ind1=" " ind2="0" tag="650">
<subfield code="a">African American musicians.</subfield>
</datafield>
<datafield ind1=" " ind2="0" tag="650">
<subfield code="a">Blues (Music)</subfield>
</datafield>
<datafield ind1=" " ind2="0" tag="650">
<subfield code="a">Blues musicians.</subfield>
</datafield>
<datafield ind1=" " ind2="0" tag="650">
<subfield code="a">Jazz musicians.</subfield>
</datafield>
<datafield ind1=" " ind2="0" tag="650">
<subfield code="a">Jazz festivals</subfield>
<subfield code="z">Illinois</subfield>
<subfield code="z">Chicago.</subfield>
</datafield>
<datafield ind1=" " ind2="0" tag="650">
<subfield code="a">Jazz festivals</subfield>
<subfield code="z">Japan.</subfield>
</datafield>
<datafield ind1=" " ind2="0" tag="650">
<subfield code="a">Jazz festivals</subfield>
<subfield code="z">Switzerland</subfield>
<subfield code="z">Montreux.</subfield>
</datafield>
<datafield ind1=" " ind2="7" tag="655">
<subfield code="a">Manuscripts.</subfield>
<subfield code="2">aat</subfield>
</datafield>
<datafield ind1=" " ind2="7" tag="655">
<subfield code="a">Photographs.</subfield>
<subfield code="2">aat</subfield>
</datafield>
<datafield ind1=" " ind2="7" tag="655">
<subfield code="a">Sound recordings.</subfield>
<subfield code="2">lcgft</subfield>
</datafield>
<datafield ind1=" " ind2="7" tag="655">
<subfield code="a">Interviews.</subfield>
<subfield code="2">lcgft</subfield>
</datafield>
<datafield ind1="1" ind2=" " tag="700">
<subfield code="a">Collins, Judy,</subfield>
<subfield code="d">1939-</subfield>
<subfield code="e">performer.</subfield>
</datafield>
<datafield ind1="1" ind2=" " tag="700">
<subfield code="a">House, Son,</subfield>
<subfield code="e">performer.</subfield>
</datafield>
<datafield ind1="0" ind2=" " tag="700">
<subfield code="a">Howlin' Wolf,</subfield>
<subfield code="d">1910-1976,</subfield>
<subfield code="e">performer.</subfield>
</datafield>
<datafield ind1="1" ind2=" " tag="700">
<subfield code="a">Kramer, Marshall Howard,</subfield>
<subfield code="e">contributor.</subfield>
</datafield>
<datafield ind1="1" ind2=" " tag="700">
<subfield code="a">McCoy, Ethel,</subfield>
<subfield code="e">performer.</subfield>
</datafield>
<datafield ind1="1" ind2=" " tag="700">
<subfield code="a">McCoy, George,</subfield>
<subfield code="d">-1988,</subfield>
<subfield code="e">performer.</subfield>
</datafield>
<datafield ind1="1" ind2=" " tag="700">
<subfield code="a">McCoy, Ruby,</subfield>
<subfield code="e">performer.</subfield>
</datafield>
<datafield ind1="0" ind2=" " tag="700">
<subfield code="a">Muddy Waters,</subfield>
<subfield code="d">1915-1983,</subfield>
<subfield code="e">performer.</subfield>
</datafield>
<datafield ind1="1" ind2=" " tag="700">
<subfield code="a">Welding, Pete,</subfield>
<subfield code="e">collector.</subfield>
</datafield>
<datafield ind1="1" ind2=" " tag="700">
<subfield code="a">Williams, Big Joe,</subfield>
<subfield code="d">1903-1982,</subfield>
<subfield code="e">performer.</subfield>
</datafield>
<datafield ind1="2" ind2=" " tag="710">
<subfield code="a">Blue Sky Boys,</subfield>
<subfield code="e">performer.</subfield>
</datafield>
<datafield ind1="2" ind2=" " tag="710">
<subfield code="a">Contraband (Jazz group),</subfield>
<subfield code="e">performer.</subfield>
</datafield>
<datafield ind1="2" ind2=" " tag="710">
<subfield code="a">Dolenz, Jones, Boyce & Hart (Musical group),</subfield>
<subfield code="e">performer.</subfield>
</datafield>
<datafield ind1=" " ind2=" " tag="852">
<subfield code="a">Library of Congress</subfield>
<subfield code="b">Archive of Folk Culture, American Folklife Center,</subfield>
<subfield code="e">
101 Independence Ave. S.E., Washington, DC USA 20540-4610
</subfield>
<subfield code="u">https://hdl.loc.gov/loc.afc/folklife.home</subfield>
</datafield>
<datafield ind1="4" ind2="2" tag="856">
<subfield code="3">Finding aid</subfield>
<subfield code="u">https://hdl.loc.gov/loc.afc/eadafc.af021010</subfield>
</datafield>
<datafield ind1=" " ind2=" " tag="985">
<subfield code="a">afc/coll</subfield>
</datafield>
<datafield ind1=" " ind2=" " tag="985">
<subfield code="a">afc/ead</subfield>
</datafield>
</record>
</collection>